% This file was created with JabRef 2.7.2.
% Encoding: Cp1252

@book{sardinha2004,
  title={Ling{\"u}{\'\i}stica de corpus},
  author={Sardinha, T.B.},
  isbn={9788520416761},
  url={https://books.google.com.br/books?id=i8uJXgeok48C},
  year={2004},
  publisher={Manole}
}
@InProceedings{masiero1,
  Title                    = {Spatial audio reproduction methods for virtual reality},
  Author                   = {Masiero B.S., Vorländer M.},
  Booktitle                = {42o Congresso espanhol de acústica. Encontro Ibérico de Acústica, european symposium on environmental acoustics and on buildings acoustically sustainable},
  Year                     = {2011},
  Month                    = {Jan},
  Pages                    = {1-12},

}
@article{Hu2007588,
title = "Subjective comparison and evaluation of speech enhancement algorithms ",
journal = "Speech Communication ",
volume = "49",
number = "7–8",
pages = "588 - 601",
year = "2007",
note = "Speech Enhancement ",
issn = "0167-6393",
doi = "http://dx.doi.org/10.1016/j.specom.2006.12.006",
url = "http://www.sciencedirect.com/science/article/pii/S0167639306001920",
author = "Yi Hu and Philipos C. Loizou",
keywords = "Speech enhancement",
keywords = "Noise reduction",
keywords = "Subjective evaluation",
keywords = "ITU-T P.835 "
}

@book{loizou2013speech,
  title={Speech Enhancement: Theory and Practice, Second Edition},
  author={Loizou, P.C.},
  isbn={9781466504219},
  lccn={2012554951},
  url={https://books.google.com.br/books?id=ntXLfZkuGTwC},
  year={2013},
  publisher={Taylor \& Francis}
}


@book{kent2015analise,
  title={An{\'a}lise Ac{\'u}stica da Fala: },
  author={Kent, R.D. and Read, C. and Meireles, A.},
  isbn={9788524923852},
  url={https://books.google.com.br/books?id=MK-ZCgAAQBAJ},
  year={2015}
}


@book{sodnik2015spatial,
  title={Spatial Auditory Human-Computer Interfaces},
  author={Sodnik, J., Toma{\v{z}}i{\v{c}}, S.},
  isbn={9783319221113},
  lccn={2015945657},
  series={SpringerBriefs in Computer Science},
  url={https://books.google.com.br/books?id=mn6BCgAAQBAJ},
  year={2015},
  publisher={Springer International Publishing}
}

@article{Fulop,
author = {Fulop, Sean A. and Fitz, Kelly and O’Shaughnessy, Douglas},
journal = {Acoustics Today},
month = jul,
number = {3},
pages = {8+},
title = {{Signal Processing in Speech and Hearing Technology}},
 url = {http://acousticstoday.org/issues/2011AT/Jul2011/9E5769E405C5818AC847C94FC61D2E2E/ATCODK_7_3.pdf},
volume = {7},
year = {2011}
}

@misc{Medeiros,
  title={{Alternativa de ação preventiva com educadores do projeto Paz e Cidadania nas escolas e no bairro}},
  author={Medeiros, Juliana B L and Spinelli, Luciane P and Brito, Maria G and Videres Petronila M.},
    Howpublished = {Anais do congresso Brasileiro de Extensão Universitária},
    Institution = {Universidade Federal da Paraíba},
    isbn={85-237-0396-9},
  year={2002}
}


@book{international1999handbook,
  title={Handbook of the International Phonetic Association: A Guide to the Use of the International Phonetic Alphabet},
  author={International Phonetic Association},
  isbn={9780521637510},
  lccn={98032178},
  series={A Regents publication},
  url={https://books.google.com.br/books?id=33BSkFV\_8PEC},
  year={1999},
  publisher={Cambridge University Press}
}

@book{schwindt2014manual,
  title={Manual de lingu{\'\i}stica},
  author={Schwindt, L.C.},
  isbn={9788532648679},
  url={https://books.google.com.br/books?id=SGI\_CgAAQBAJ},
  year={2014},
  publisher={Editora Vozes}
}
@book{swartz2015tratado,
  title={Tratado de Semiologia M{\'e}dica},
  author={Swartz, M.H.},
  isbn={9788535283044},
  url={https://books.google.com.br/books?id=MfckCwAAQBAJ},
  year={2015},
  publisher={Elsevier Health Sciences Brazil}
}

@article{alves2014adaptaccao,
  title={Adapta{\c{c}}{\~a}o da Bateria de Testes EARS ao Portugu{\^e}s Europeu},
  author={Alves, Marisa and Ramos, Daniela and Oliveira, Gra{\c{c}}a and Alves, Helena and Anderson, Ilona and Magalh{\~a}es, Isabel and Martins, Jorge H and Sim{\~o}es, Margarida and Ferreira, Raquel and Fonseca, Rita and others},
  journal={Acta M{\'e}dica Portuguesa},
  volume={27},
  number={1},
  pages={23--32},
  year={2014}
}



@book{behlau2001voz,
  title={Voz: o livro do especialista},
  author={Behlau, Mara},
  number={v. 1},
  isbn={9788573095258},
  url={https://books.google.cl/books?id=vI8tAAAACAAJ},
  year={2001},
  publisher={Revinter}
}

@article{Vassoler2015160,
title = "Brazilian adaptation of the Functioning after Pediatric Cochlear Implantation (FAPCI): comparison between normal hearing and cochlear implanted children ",
journal = "Jornal de Pediatria ",
volume = "91",
number = "2",
pages = "160 - 167",
year = "2015",
note = "",
issn = "0021-7557",
doi = "http://dx.doi.org/10.1016/j.jped.2014.06.008",
url = "http://www.sciencedirect.com/science/article/pii/S0021755714001521",
author = "Trissia M.F. Vassoler and Mara L. Cordeiro",
keywords = "FAPCI",
keywords = "Cochlear implantation",
keywords = "Verbal communication",
keywords = "Normal hearing-chave",
keywords = "FAPCI",
keywords = "Implante coclear",
keywords = "Comunicação verbal",
keywords = "Audição normal "
}


@article{hnr2008,
  title={A medida hnr: sua
relevância na análise acústica da voz e sua estimação precisa},
  author={Lopes, José and Freitas, Suzana and Sousa, Ricardo anda Matos, Joaquim and Abreu, Filipe and Ferreira, Aníbal},
  journal={Jornadas sobre Tecnologia
e Saúde},
    year={2008}
}

@book{bagno2000dramatica,
  title={Dram{\'a}tica da l{\'\i}ngua portuguesa: tradi{\c{c}}{\~a}o gramatical, m{\'\i}dia \& exclus{\~a}o social},
  author={Bagno, M.},
  isbn={9788515021291},
  lccn={2001298218},
  url={https://books.google.com.br/books?id=ECwS6eZ-ZisC},
  year={2000},
  publisher={Edi{\c{c}}{\~o}es Loyola}
}

@mastersthesis{leandro2007,
  author       = {Leandro Aureliano Da Silva}, 
  title        = {Filtross de Kalman no tempo e frequência discretos combinados com subtração espectral},
  school       = {USP},
  year         = 2007,
  address      = {São Carlos. SP},
  month        = 7,
  %note         = {An optional note}
}

@mastersthesis{simao2007,
  author       = {Simão Oliveira Cardeal}, 
  title        = {Métodos de Avaliação de QoS em Serviçoos de Voz sobre Redes IP},
  school       = {UNIVERSIDADE DE TRÁS-OS-MONTES E ALTO DOURO},
  year         = 2007,
  address      = {Universidade de Trás-os-Montes e Alto Douro},
  month        = 7,
  %note         = {An optional note}
}

@mastersthesis{eduardo2009,
  author       = {Eduardo Jorge Castanheiro Cardoso}, 
  title        = {Classificação automática do sono: Contribuição utilizando distância de Itakura-Saito e Wavelets },
  school       = { Faculdade de Ciências e Tecnologia da Universidade Nova de Lisboa},
  year         = 2007,
  address      = {Universidade Nova de Lisboa},
  month        = 7,
  %note         = {An optional note}
}